@inproceedings{deng2009imagenet,
  title={Imagenet: A large-scale hierarchical image database},
  author={Deng, Jia and Dong, Wei and Socher, Richard and Li, Li-Jia and Li, Kai and Fei-Fei, Li},
  booktitle={2009 IEEE conference on computer vision and pattern recognition},
  pages={248--255},
  year={2009},
  organization={Ieee}
}

@article{lecun1998gradient,
  title={Gradient-based learning applied to document recognition},
  author={LeCun, Yann and Bottou, L{\'e}on and Bengio, Yoshua and Haffner, Patrick and others},
  journal={Proceedings of the IEEE},
  volume={86},
  number={11},
  pages={2278--2324},
  year={1998},
  publisher={Taipei, Taiwan}
}

@book{knuth1989mathematical,
  title={Mathematical writing},
  author={Knuth, Donald Ervin and Larrabee, Tracy and Roberts, Paul M and Roberts, Paul M},
  volume={14},
  year={1989},
  publisher={Mathematical Association of America Washington, DC}
}
